@article{alom2019state,
  title={A state-of-the-art survey on deep learning theory and architectures},
  author={Alom, Md Zahangir and Taha, Tarek M and Yakopcic, Chris and Westberg, Stefan and Sidike, Paheding and Nasrin, Mst Shamima and Hasan, Mahmudul and Van Essen, Brian C and Awwal, Abdul AS and Asari, Vijayan K},
  journal={Electronics},
  volume={8},
  number={3},
  pages={292},
  year={2019},
  publisher={Multidisciplinary Digital Publishing Institute}
}

@book{schmidt2017parallel,
  title={Parallel programming: concepts and practice},
  author={Schmidt, Bertil and Gonzalez-Dominguez, Jorge and Hundt, Christian and Schlarb, Moritz},
  year={2017},
  publisher={Morgan Kaufmann}
}

@inproceedings{weaver2013linux,
  title={Linux perf\_event features and overhead},
  author={Weaver, Vincent M},
  booktitle={The 2nd International Workshop on Performance Analysis of Workload Optimized Systems, FastPath},
  volume={13},
  pages={5},
  year={2013}
}

@book{kononenko2007machine,
  title={Machine learning and data mining},
  author={Kononenko, Igor and Kukar, Matjaz},
  year={2007},
  publisher={Horwood Publishing}
}

@book{lehmann2006theory,
  title={Theory of point estimation},
  author={Lehmann, Erich L and Casella, George},
  year={2006},
  publisher={Springer Science \& Business Media}
}

@inproceedings{the1993mpi,
  title={MPI: A message passing interface},
  author={The MPI Forum, CORPORATE},
  booktitle={Proceedings of the 1993 ACM/IEEE conference on Supercomputing},
  pages={878--883},
  year={1993}
}

@incollection{clarke1994mpi,
  title={The MPI message passing interface standard},
  author={Clarke, Lyndon and Glendinning, Ian and Hempel, Rolf},
  booktitle={Programming environments for massively parallel distributed systems},
  pages={213--218},
  year={1994},
  publisher={Springer}
}

@article{lecun1995pattern,
  title={Pattern recognition and neural networks},
  author={LeCun, Yann and Bengio, Yoshua},
  journal={The Handbook of Brain Theory and Neural Networks. MIT Press, Cambridge, MA},
  year={1995}
}